<?xml version="1.0" encoding="UTF-8"?><collection xmlns="http://www.loc.gov/MARC21/slim"><record><leader>00291nam--2200121-i-4500</leader><controlfield tag="001">000046239</controlfield><controlfield tag="002">20161230</controlfield><controlfield tag="005">20161230201045</controlfield><controlfield tag="008">060222s1000------------r-----000-0-eng-d</controlfield><datafield ind1=" " ind2=" " tag="245"><subfield code="a">Gas chromatography 1962</subfield></datafield><datafield ind1=" " ind2=" " tag="260"><subfield code="a">London, Butterworths, 1962, Lii+411p</subfield></datafield><datafield ind1=" " ind2=" " tag="700"><subfield code="a">Vanswaay,M</subfield></datafield><datafield ind1=" " ind2=" " tag="852"><subfield code="a">20440</subfield></datafield></record></collection>